
@article{wright2008bitcoin,
  author    = {Wright, CS},
  title     = {Bitcoin: a Peer-to-Peer electronic cash system},
  journal   = {SSRN Electronic Journal},
  year      = {2008},
  doi       = {10.2139/ssrn.3440802},
  url       = {https://doi.org/10.2139/ssrn.3440802}
}

@techreport{yaga2018blockchain,
    author = {Yaga, Dylan and Mell, Peter and Roby, Nik and Scarfone, Karen},
    title = {Blockchain Technology Overview},
    institution = {National Institute of Standards and Technology},
    year = {2018},
    type = {Internal Report},
    number = {NIST.IR.8202},
    doi = {10.6028/nist.ir.8202}
}
@book{microsoft2024typescript,
    author = {Microsoft},
    title = {TypeScript Documentation},
    year = {2024},
    publisher = {Microsoft Corporation},
    url = {https://www.typescriptlang.org/docs/},
    note = {Accessed: 2024-02-16}
}
@online{nextjs-docs,
    author = {Vercel Inc.},
    title = {Next.js Documentation},
    year = {2024},
    url = {https://nextjs.org/docs},
    urldate = {2024-02-16}
}
@online{tailwindcss-docs,
    author = {Tailwind CSS},
    title = {Tailwind CSS Documentation},
    year = {2024},
    url = {https://tailwindcss.com/docs},
    urldate = {2024-02-16}
}
@misc{shadcnui,
  author = "{Shadcn/ui}",
  title = "{Shadcn/ui: Modern UI Components Built on Radix UI}",
  year = {n.d.},
  howpublished = "\url{https://ui.shadcn.com}",
  note = "Accessed: 16-Feb-2025"
}
@misc{reactflow,
  author       = {React Flow},
  title        = {React Flow: A customizable React component for building node-based editors and interactive diagrams},
  year         = 2025,
  url          = {https://reactflow.dev/},
  note         = {Accessed: 2025-02-16}
}


